<?xml version="1.0" encoding="UTF-8"?><collection><record><leader>06854ntm a2200721 a 4500</leader><controlfield tag="001">006818235</controlfield><controlfield tag="003">MiAaHDL</controlfield><controlfield tag="005">20190719000000.0</controlfield><controlfield tag="006">m        d        </controlfield><controlfield tag="007">cr bn ---auaua</controlfield><controlfield tag="008">090612q18161817xx            00| ||ota d</controlfield><datafield tag="035" ind1=" " ind2=" "><subfield code="a">(MiU)006818235</subfield></datafield><datafield tag="035" ind1=" " ind2=" "><subfield code="a">sdr-miu006818235</subfield></datafield><datafield tag="040" ind1=" " ind2=" "><subfield code="a">MiU</subfield><subfield code="c">MiU</subfield><subfield code="e">amremm</subfield></datafield><datafield tag="041" ind1="0" ind2=" "><subfield code="a">ota</subfield></datafield><datafield tag="043" ind1=" " ind2=" "><subfield code="a">n-us-mi</subfield><subfield code="a">a-tu---</subfield></datafield><datafield tag="100" ind1="0" ind2=" "><subfield code="6">880-01</subfield><subfield code="a">Mustafa bin Ali,</subfield><subfield code="c">Muvakkit,</subfield><subfield code="d">-1571.</subfield></datafield><datafield tag="245" ind1="1" ind2="0"><subfield code="6">880-03</subfield><subfield code="a">[Kifayetü'l-vakit li-marifeti'd-dair ve fazle ve's-semt ve Teshilü'l-mikat fî ilmi'l-evkat,</subfield><subfield code="f">1232, i.e. 1816 or 1817].</subfield></datafield><datafield tag="246" ind1="3" ind2=" "><subfield code="i">Title from rubricated heading at opening of second work on p.42:</subfield><subfield code="a">هذا رسالۀ جيب</subfield></datafield><datafield tag="246" ind1="3" ind2=" "><subfield code="i">Title from rubricated heading at opening of first work on p.6:</subfield><subfield code="a">هذا رسالۀ مقنطرات</subfield></datafield><datafield tag="246" ind1="3" ind2=" "><subfield code="a">Kifayetü'l-vakt li-ma'rifeti'd-dair ve fazli'd-dair ve's-semt</subfield></datafield><datafield tag="246" ind1="3" ind2=" "><subfield code="a">Kifāyat al-waqt li-maʻrifat al-dāʼir wa-faḍlih wa-al-samt</subfield></datafield><datafield tag="260" ind1=" " ind2=" "><subfield code="c">[1816 or 1817].</subfield></datafield><datafield tag="300" ind1=" " ind2=" "><subfield code="a">56 leaves :</subfield><subfield code="b">paper ;</subfield><subfield code="c">177 x 127 (125 x 70) mm.</subfield></datafield><datafield tag="500" ind1=" " ind2=" "><subfield code="a">Shelfmark: Ann Arbor, University of Michigan, Special Collections Library, Isl. Ms. 829</subfield></datafield><datafield tag="500" ind1=" " ind2=" "><subfield code="a">Origin: As appears in colophon on p.108, both works apparently copied by Hacı Hafız Ömer (al-Ḥājj Ḥāfiẓ ʻUmar) with transcription completed 1232 [1816 or 1817].</subfield></datafield><datafield tag="500" ind1=" " ind2=" "><subfield code="a">Binding: Pasteboards covered in marbled paper (mainly in shades of orange, red, and blue) with brown leather over spine, fore edge flap, and edges/turn-ins (framed binding) ; Type II binding (with flap) ; board linings in untinted laid paper ; sewn in dark blue thread, two stations ; overall in somewhat poor condition with some staining, abrasion, moisture damage, spine slant (slightly cocked), warping, etc.</subfield></datafield><datafield tag="500" ind1=" " ind2=" "><subfield code="a">Support: European laid paper with 8 laid lines per cm. (horizontal), chain lines spaced 28 mm. apart (vertical), and lion watermark (tail and face visible in p.14, 15, 86, etc. and legs and ground visible in p.10, 20, 110, etc.) ; staining and tide lines.</subfield></datafield><datafield tag="500" ind1=" " ind2=" "><subfield code="a">Decoration: Some keywords and section headings rubricated, others overlined in red ; textual dividers in the form of red inverted commas.</subfield></datafield><datafield tag="500" ind1=" " ind2=" "><subfield code="a">Script: Naskh ; fine Turkish hand ; partially and somewhat irregularly seriffed with right-sloping head-serifs on occasional lām, ṭāʼ, etc. as well as shaqq of kāf, quite rounded with curvilinear descenders, pointing (for two and three dots) in curved strokes rather than distinct dots.</subfield></datafield><datafield tag="500" ind1=" " ind2=" "><subfield code="a">Layout: Written in 13 lines per page ; frame-ruled.</subfield></datafield><datafield tag="500" ind1=" " ind2=" "><subfield code="a">Collation: I (2), 5 V(52), II (56) ; chiefly quinions ; catchwords present ; foliation in black ink, Hindu-Arabic numerals ; pagination in pencil, Western numerals, supplied during digitization.</subfield></datafield><datafield tag="500" ind1=" " ind2=" "><subfield code="a">Colophon: "Scribal," reads "تمت ۱۲۳۲ حرره الحاج حافظ عمر غفر الله ذنوبه تم"</subfield></datafield><datafield tag="500" ind1=" " ind2=" "><subfield code="a">Explicit: [Kifayetü'l-vakit li-marifeti'd-dair ve fazle ve's-semt] "سمت قبليه مطابق اولدى قبله سى قوس ارتفاعك طرفنه واقع اولدى تمت بعون الملك الوهاب تم" ; [Teshilü'l-mikat fî ilmi'l-evkat] "بلدك كى اول قيونك در يكلكى طقوز زراعدر"</subfield></datafield><datafield tag="500" ind1=" " ind2=" "><subfield code="a">Incipit: [Kifayetü'l-vakit li-marifeti'd-dair ve fazle ve's-semt] "الحمد لله الذى جعل على البحر الاحضر [الاخضر] الفلك قناطير المقطنرات ... بو احقر عباد الله مصطفى بن على الموقت بالجامع الحاقانى السليمى ... وبو رسالۀ كفاية الوقت المعرفة [لمعرفة] الدائر وفضله والسمت برله تسميه ايله دم ..." ; [Teshilü'l-mikat fî ilmi'l-evkat] "الحمد لله عالم الغيب فلا يغرب عن عمله مثقال ذرة فى الارض ولا فى السماء ... اما بعد بو عبد ضعيف المحتاج الى رحمة ربه اللطيف مصطفى بن على الموقت بجامع الحاقانى السليمى بواه الله ديمكله متعارف اولان آلتده كه آلات رصديه ايجنده افاقى اولوب ... وبو رسالۀ تسهيل الميقات وتعيين الاوقات ديو تسميه ايلدم ..."</subfield></datafield><datafield tag="500" ind1=" " ind2=" "><subfield code="a">Title supplied by cataloguer from opening matter of first work (p.6) and opening matter of second work (p.43).</subfield></datafield><datafield tag="500" ind1=" " ind2=" "><subfield code="a">Ms. codex.</subfield></datafield><datafield tag="505" ind1="0" ind2=" "><subfield code="a">5. p.109-p.112 : [blank].</subfield></datafield><datafield tag="505" ind1="0" ind2=" "><subfield code="a">4. p.42-p.108 : Teshilü'l-mikat fî ilmi'l-evkat / Mustafa bin Ali Muvakkit.</subfield></datafield><datafield tag="505" ind1="0" ind2=" "><subfield code="a">3. p.6-p.42: Kifayetü'l-vakit li-marifeti'd-dair ve fazle ve's-semt / Mustafa bin Ali Muvakkit.</subfield></datafield><datafield tag="505" ind1="0" ind2=" "><subfield code="a">2. p.5 : [blank].</subfield></datafield><datafield tag="505" ind1="0" ind2=" "><subfield code="a">1. p.2-p.4 : [contents listing].</subfield></datafield><datafield tag="510" ind1="4" ind2=" "><subfield code="a">King, D. A Survey of the scientific manuscripts in the Egyptian National Library. (Winona Lake, 1986),</subfield><subfield code="c">no.H10</subfield></datafield><datafield tag="510" ind1="4" ind2=" "><subfield code="a">Brit. Mus. Cat. Turkish MSS.,</subfield><subfield code="c">p.121</subfield></datafield><datafield tag="520" ind1="8" ind2=" "><subfield code="a">Careful copy of two treatises by Muvakkit Mustafa b. Ali (d.1571), timekeeper in the mosque of Sultan Selim II (r.1566-1574), the first on the use of the almucantar or bridged quadrant (rubʻ al-muqanṭarāt) in 12 bābs and the second on timekeeping (ʻilm al-mīqāt) and the use of the sine quadrant (rubʻ mujayyab) in 22 bābs. Contents listing for both works on added leaves at opening (pp.2-4).</subfield></datafield><datafield tag="538" ind1=" " ind2=" "><subfield code="a">Mode of access: Internet.</subfield></datafield><datafield tag="541" ind1=" " ind2=" "><subfield code="a">Purchased in Cairo, 1933/34.</subfield></datafield><datafield tag="546" ind1=" " ind2=" "><subfield code="a">Ottoman Turkish.</subfield></datafield><datafield tag="561" ind1=" " ind2=" "><subfield code="a">Inscription on upper board lining "20. Two works by Mustafa b. ʻAlī (author's own copy) on quadrant etc." ; listing of months and signs of the zodiac (abrāj) on recto of opening leaf with contents listing (p.1) ; inventory mark "K15" on incipit page (p.5) ; notabilia (sideheads), often rubricated.</subfield></datafield><datafield tag="650" ind1=" " ind2="0"><subfield code="a">Manuscripts, Turkish</subfield><subfield code="z">Michigan</subfield><subfield code="z">Ann Arbor.</subfield></datafield><datafield tag="650" ind1=" " ind2="0"><subfield code="a">Time measurements</subfield><subfield code="v">Early works to 1800.</subfield></datafield><datafield tag="650" ind1=" " ind2="0"><subfield code="a">Horology</subfield><subfield code="v">Early works to 1800.</subfield></datafield><datafield tag="650" ind1=" " ind2="0"><subfield code="a">Quadrants (Astronomical instruments)</subfield><subfield code="v">Early works to 1800.</subfield></datafield><datafield tag="650" ind1=" " ind2="0"><subfield code="a">Astronomy</subfield><subfield code="z">Turkey</subfield><subfield code="v">Early works to 1800.</subfield></datafield><datafield tag="700" ind1="0" ind2=" "><subfield code="6">880-07</subfield><subfield code="a">Hacı Hafız Ömer,</subfield><subfield code="d">fl. 1816,</subfield><subfield code="e">scribe.</subfield></datafield><datafield tag="740" ind1="0" ind2="2"><subfield code="a">Teshil ül-mikât</subfield></datafield><datafield tag="740" ind1="0" ind2="2"><subfield code="a">Teshîlü'l-mikât fî ilmi'l-evkât</subfield></datafield><datafield tag="740" ind1="0" ind2="2"><subfield code="a">تسهيل الميقات فى علم الاوقات</subfield></datafield><datafield tag="740" ind1="0" ind2="2"><subfield code="a">Teshilü'l-mikat fî ilmi'l-evkat</subfield></datafield><datafield tag="773" ind1="0" ind2=" "><subfield code="a">Tracy W. McGregor Collection of Arabic, Persian, and Turkish Mathematical and Astronomical Manuscripts.</subfield></datafield><datafield tag="880" ind1="0" ind2=" "><subfield code="6">700-07/</subfield><subfield code="a">حاجى حافظ عمر,</subfield><subfield code="e">ناسخ.</subfield></datafield><datafield tag="880" ind1="1" ind2="0"><subfield code="6">245-03/</subfield><subfield code="a">[كفاية الوقت لمعرفة الدائر وفضله والسمت وتسهيل الميقات فى علم الاوقات,</subfield><subfield code="f">1232ه, 1816 او 1817م].</subfield></datafield><datafield tag="880" ind1="0" ind2=" "><subfield code="6">100-01/</subfield><subfield code="a">مصطفى بن على,</subfield><subfield code="c">موقت.</subfield></datafield><datafield tag="CID" ind1=" " ind2=" "><subfield code="a">006818235</subfield></datafield><datafield tag="DAT" ind1="0" ind2=" "><subfield code="a">20190719102639.0</subfield><subfield code="b">20190719000000.0</subfield></datafield><datafield tag="DAT" ind1="1" ind2=" "><subfield code="a">20190719090653.0</subfield><subfield code="b">2019-07-19T16:10:24Z</subfield></datafield><datafield tag="DAT" ind1="2" ind2=" "><subfield code="a">2015-10-02T18:00:03Z</subfield></datafield><datafield tag="CAT" ind1=" " ind2=" "><subfield code="a">SDR-MIU</subfield><subfield code="d">EX LIBRIS - ALEPH</subfield><subfield code="l">prepare.pl-004-008</subfield></datafield><datafield tag="FMT" ind1=" " ind2=" "><subfield code="a">BK</subfield></datafield><datafield tag="HOL" ind1=" " ind2=" "><subfield code="0">sdr-miu006818235</subfield><subfield code="a">MiU</subfield><subfield code="b">SDR</subfield><subfield code="c">MIU</subfield><subfield code="p">mdp.39015079129857</subfield><subfield code="s">MIU</subfield><subfield code="1">006818235</subfield></datafield><datafield tag="974" ind1=" " ind2=" "><subfield code="b">MIU</subfield><subfield code="c">MIU</subfield><subfield code="d">20190719</subfield><subfield code="s">lit-dlps-dc</subfield><subfield code="u">mdp.39015079129857</subfield><subfield code="y">1817</subfield><subfield code="r">pd</subfield><subfield code="q">bib</subfield><subfield code="t">non-US bib date2 &lt; 1896</subfield></datafield></record></collection>